<record xmlns="http://www.openarchives.org/OAI/2.0/" xmlns:xsi="http://www.w3.org/2001/XMLSchema-instance">
  <header>
    <identifier>oai:www.openaccessrepository.it:7279</identifier>
    <datestamp>2016-06-29T14:35:14Z</datestamp>
    <setSpec>dataset:aleph</setSpec>
    <setSpec>openaire</setSpec>
  </header>
  <metadata>irods://data.repo.cineca.it:1247/CINECA01/home/DRES_EUDalep/dati/ZD4001.54.AL,11100/65c7a39a-cbe8-11e3-adf9-e41f13eb41b2eng<marc:record xmlns:marc="http://www.loc.gov/MARC21/slim" xmlns:xsi="http://www.w3.org/2001/XMLSchema-instance" xsi:schemaLocation="http://www.loc.gov/MARC21/slim http://www.loc.gov/standards/marcxml/schema/MARC21slim.xsd" type="Bibliographic"><marc:leader>00000coc  2200000uu 4500</marc:leader><marc:controlfield tag="001">7279</marc:controlfield><marc:controlfield tag="005">20160629143514.0</marc:controlfield><marc:datafield tag="024" ind1="7" ind2=" "><marc:subfield code="2">Handle</marc:subfield><marc:subfield code="a">irods://data.repo.cineca.it:1247/CINECA01/home/DRES_EUDalep/dati/ZD4001.54.AL,11100/65c7a39a-cbe8-11e3-adf9-e41f13eb41b2</marc:subfield></marc:datafield><marc:datafield tag="695" ind1=" " ind2=" "><marc:subfield code="2">HEP CERN LEP ALEPH MINI RealData 2000</marc:subfield></marc:datafield><marc:datafield tag="980" ind1=" " ind2=" "><marc:subfield code="a">DATASETREALDATA</marc:subfield></marc:datafield><marc:datafield tag="999" ind1=" " ind2=" "><marc:subfield code="9">Marcello Maggi</marc:subfield><marc:subfield code="c">2519714616</marc:subfield><marc:subfield code="s">305565480</marc:subfield></marc:datafield><marc:datafield tag="999" ind1="C" ind2="5"><marc:subfield code="t">Search for neutral Higgs bosons decaying into four taus at LEP2</marc:subfield><marc:subfield code="a">10.1007/JHEP05(2010)049</marc:subfield><marc:subfield code="y">2010</marc:subfield><marc:subfield code="o">[1]</marc:subfield><marc:subfield code="r">PUBLICATIONINFN-2014-001</marc:subfield><marc:subfield code="o">[1]</marc:subfield></marc:datafield><marc:datafield tag="999" ind1="C" ind2="5"><marc:subfield code="a">10.5072/oar.it/1411041136.04 </marc:subfield><marc:subfield code="t">ALEPH SCL5 Virtual Machine for Research Environment</marc:subfield><marc:subfield code="r">SOFTWAREALEPH-2014-001</marc:subfield><marc:subfield code="o">[2]</marc:subfield></marc:datafield><marc:datafield tag="710" ind1=" " ind2=" "><marc:subfield code="g">ALEPH Collaboration</marc:subfield></marc:datafield><marc:datafield tag="856" ind1="4" ind2=" "><marc:subfield code="u">irods://data.repo.cineca.it:1247/CINECA01/home/DRES_EUDalep/dati/ZD4001.54.AL</marc:subfield><marc:subfield code="y">ALEPH</marc:subfield></marc:datafield><marc:datafield tag="909" ind1="C" ind2="O"><marc:subfield code="o">oai:www.openaccessrepository.it:7279</marc:subfield><marc:subfield code="p">openaire</marc:subfield><marc:subfield code="p">dataset:aleph</marc:subfield></marc:datafield><marc:datafield tag="245" ind1=" " ind2=" "><marc:subfield code="9">ALEPH</marc:subfield><marc:subfield code="a">LEP Data from The ALEPH Collaboration year 2000 datafile ZD4001.54.AL</marc:subfield></marc:datafield><marc:datafield tag="260" ind1=" " ind2=" "><marc:subfield code="c">2014-09-01</marc:subfield></marc:datafield><marc:datafield tag="520" ind1=" " ind2=" "><marc:subfield code="9">ALEPH</marc:subfield><marc:subfield code="a">Run contents for this data file &lt;table border="1"&gt; &lt;tr&gt; &lt;th&gt;Run #&lt;/th&gt;&lt;th&gt;Nevents&lt;/th&gt;&lt;th&gt;Length (Mb)&lt;/th&gt;&lt;th&gt;LEP energy&lt;/th&gt;&lt;th&gt;Nb of Z0s&lt;/th&gt;&lt;/tr&gt; &lt;tr&gt; &lt;td&gt;57394&lt;/td&gt;&lt;td&gt;2518&lt;/td&gt;&lt;td&gt;7.062&lt;/td&gt;&lt;td&gt;206.622&lt;/td&gt;&lt;td&gt;6&lt;/td&gt;&lt;/tr&gt; &lt;tr&gt; &lt;td&gt;57396&lt;/td&gt;&lt;td&gt;2170&lt;/td&gt;&lt;td&gt;5.877&lt;/td&gt;&lt;td&gt;206.145&lt;/td&gt;&lt;td&gt;5&lt;/td&gt;&lt;/tr&gt; &lt;tr&gt; &lt;td&gt;57398&lt;/td&gt;&lt;td&gt;4146&lt;/td&gt;&lt;td&gt;13.011&lt;/td&gt;&lt;td&gt;205.149&lt;/td&gt;&lt;td&gt;13&lt;/td&gt;&lt;/tr&gt; &lt;tr&gt; &lt;td&gt;57399&lt;/td&gt;&lt;td&gt;12010&lt;/td&gt;&lt;td&gt;35.832&lt;/td&gt;&lt;td&gt;206.368&lt;/td&gt;&lt;td&gt;8&lt;/td&gt;&lt;/tr&gt; &lt;tr&gt; &lt;td&gt;57400&lt;/td&gt;&lt;td&gt;1678&lt;/td&gt;&lt;td&gt;4.447&lt;/td&gt;&lt;td&gt;206.641&lt;/td&gt;&lt;td&gt;4&lt;/td&gt;&lt;/tr&gt; &lt;tr&gt; &lt;td&gt;57402&lt;/td&gt;&lt;td&gt;3021&lt;/td&gt;&lt;td&gt;9.155&lt;/td&gt;&lt;td&gt;206.140&lt;/td&gt;&lt;td&gt;4&lt;/td&gt;&lt;/tr&gt; &lt;tr&gt; &lt;td&gt;57404&lt;/td&gt;&lt;td&gt;6993&lt;/td&gt;&lt;td&gt;21.397&lt;/td&gt;&lt;td&gt;205.150&lt;/td&gt;&lt;td&gt;14&lt;/td&gt;&lt;/tr&gt; &lt;tr&gt; &lt;td&gt;57405&lt;/td&gt;&lt;td&gt;4790&lt;/td&gt;&lt;td&gt;14.682&lt;/td&gt;&lt;td&gt;206.328&lt;/td&gt;&lt;td&gt;5&lt;/td&gt;&lt;/tr&gt; &lt;tr&gt; &lt;td&gt;57406&lt;/td&gt;&lt;td&gt;909&lt;/td&gt;&lt;td&gt;2.599&lt;/td&gt;&lt;td&gt;207.228&lt;/td&gt;&lt;td&gt;1&lt;/td&gt;&lt;/tr&gt; &lt;tr&gt; &lt;td&gt;57408&lt;/td&gt;&lt;td&gt;3490&lt;/td&gt;&lt;td&gt;10.409&lt;/td&gt;&lt;td&gt;205.156&lt;/td&gt;&lt;td&gt;5&lt;/td&gt;&lt;/tr&gt; &lt;tr&gt; &lt;td&gt;57409&lt;/td&gt;&lt;td&gt;17398&lt;/td&gt;&lt;td&gt;51.066&lt;/td&gt;&lt;td&gt;206.355&lt;/td&gt;&lt;td&gt;18&lt;/td&gt;&lt;/tr&gt; &lt;tr&gt; &lt;td&gt;57410&lt;/td&gt;&lt;td&gt;6645&lt;/td&gt;&lt;td&gt;17.947&lt;/td&gt;&lt;td&gt;206.364&lt;/td&gt;&lt;td&gt;10&lt;/td&gt;&lt;/tr&gt; &lt;tr&gt; &lt;td&gt;57411&lt;/td&gt;&lt;td&gt;164&lt;/td&gt;&lt;td&gt;0.449&lt;/td&gt;&lt;td&gt;207.986&lt;/td&gt;&lt;td&gt;-1&lt;/td&gt;&lt;/tr&gt; &lt;tr&gt; &lt;td&gt;57413&lt;/td&gt;&lt;td&gt;247&lt;/td&gt;&lt;td&gt;0.607&lt;/td&gt;&lt;td&gt;208.445&lt;/td&gt;&lt;td&gt;-1&lt;/td&gt;&lt;/tr&gt; &lt;tr&gt; &lt;td&gt;57414&lt;/td&gt;&lt;td&gt;873&lt;/td&gt;&lt;td&gt;1.744&lt;/td&gt;&lt;td&gt;208.464&lt;/td&gt;&lt;td&gt;-1&lt;/td&gt;&lt;/tr&gt; &lt;tr&gt; &lt;td&gt;57416&lt;/td&gt;&lt;td&gt;17860&lt;/td&gt;&lt;td&gt;52.733&lt;/td&gt;&lt;td&gt;206.373&lt;/td&gt;&lt;td&gt;36&lt;/td&gt;&lt;/tr&gt; &lt;tr&gt; &lt;td&gt;57417&lt;/td&gt;&lt;td&gt;6574&lt;/td&gt;&lt;td&gt;18.590&lt;/td&gt;&lt;td&gt;206.372&lt;/td&gt;&lt;td&gt;9&lt;/td&gt;&lt;/tr&gt; &lt;tr&gt; &lt;td&gt;57418&lt;/td&gt;&lt;td&gt;122&lt;/td&gt;&lt;td&gt;0.320&lt;/td&gt;&lt;td&gt;206.520&lt;/td&gt;&lt;td&gt;-1&lt;/td&gt;&lt;/tr&gt; &lt;tr&gt; &lt;td&gt;57419&lt;/td&gt;&lt;td&gt;216&lt;/td&gt;&lt;td&gt;0.579&lt;/td&gt;&lt;td&gt;208.154&lt;/td&gt;&lt;td&gt;-1&lt;/td&gt;&lt;/tr&gt; &lt;tr&gt; &lt;td&gt;57420&lt;/td&gt;&lt;td&gt;687&lt;/td&gt;&lt;td&gt;1.676&lt;/td&gt;&lt;td&gt;208.270&lt;/td&gt;&lt;td&gt;-1&lt;/td&gt;&lt;/tr&gt; &lt;tr&gt; &lt;td&gt;57423&lt;/td&gt;&lt;td&gt;11539&lt;/td&gt;&lt;td&gt;33.794&lt;/td&gt;&lt;td&gt;206.370&lt;/td&gt;&lt;td&gt;13&lt;/td&gt;&lt;/tr&gt; &lt;tr&gt;&lt;/table&gt; Total file length :   305.594 Mbytes</marc:subfield></marc:datafield><marc:datafield tag="500" ind1=" " ind2=" "><marc:subfield code="f">ALEPH - INFN</marc:subfield></marc:datafield><marc:datafield tag="650" ind1="1" ind2="7"><marc:subfield code="a">High Energy Physics</marc:subfield></marc:datafield><marc:datafield tag="269" ind1=" " ind2=" "><marc:subfield code="c">2000</marc:subfield></marc:datafield><marc:datafield tag="041" ind1=" " ind2=" "><marc:subfield code="a">eng</marc:subfield></marc:datafield><marc:datafield tag="042" ind1=" " ind2=" "><marc:subfield code="a">Researchers</marc:subfield></marc:datafield><marc:datafield tag="043" ind1=" " ind2=" "><marc:subfield code="a">info:eu-repo/semantics/other</marc:subfield></marc:datafield><marc:datafield tag="100" ind1=" " ind2=" "><marc:subfield code="a">Marcello Maggi</marc:subfield></marc:datafield></marc:record>
</metadata>
</record>
